<record><leader>00000cas a22000007a 4500</leader><controlfield tag="001">9748690</controlfield><controlfield tag="008">830728d18491878nyudn ne      0    0eng d</controlfield><controlfield tag="009">3781</controlfield><datafield ind1=" " ind2=" " tag="010"><subfield code="a">sn 83031036 </subfield></datafield><datafield ind1=" " ind2=" " tag="040"><subfield code="a">NPU</subfield><subfield code="b">eng</subfield><subfield code="c">NPU</subfield><subfield code="d">DLC</subfield><subfield code="d">NPX</subfield><subfield code="d">NPH</subfield><subfield code="d">NYS</subfield><subfield code="d">MGN</subfield><subfield code="d">OCL</subfield><subfield code="d">OCLCF</subfield><subfield code="d">OCLCO</subfield></datafield><datafield ind1="1" ind2=" " tag="029"><subfield code="a">AU@</subfield><subfield code="b">000020127234</subfield></datafield><datafield ind1=" " ind2=" " tag="042"><subfield code="a">msc</subfield></datafield><datafield ind1="0" ind2="0" tag="050"><subfield code="a">Newspaper 8829-X</subfield></datafield><datafield ind1="0" ind2=" " tag="130"><subfield code="a">Binghamton daily Republican (Binghamton, N.Y. : 1849)</subfield></datafield><datafield ind1="0" ind2="0" tag="245"><subfield code="a">Binghamton daily Republican.</subfield></datafield><datafield ind1="0" ind2="3" tag="246"><subfield code="a">Binghamton Republican</subfield></datafield><datafield ind1=" " ind2=" " tag="260"><subfield code="a">Binghamton, Broome County, N.Y. :</subfield><subfield code="b">Edwin T. Evans,</subfield></datafield><datafield ind1=" " ind2=" " tag="300"><subfield code="a">v. :</subfield><subfield code="b">ill. (chiefly advertisements) ;</subfield><subfield code="c">52-70 cm.</subfield></datafield><datafield ind1=" " ind2=" " tag="310"><subfield code="a">Daily (except Sun.)</subfield></datafield><datafield ind1="0" ind2=" " tag="362"><subfield code="a">Vol. 1, no. 59 (May 2, 1849)-</subfield></datafield><datafield ind1="1" ind2=" " tag="362"><subfield code="a">Ceased Jan. 19, 1878?</subfield></datafield><datafield ind1=" " ind2=" " tag="500"><subfield code="a">Publishers: Edwin T. Evans, &lt;1849&gt;; William Stuart, &lt;1857-1859&gt;; Stuart &amp; Cary, &lt;1863&gt;; Carl Brothers &amp; Taylor, &lt;1864-1865&gt;; Malette &amp; Reid, &lt;1871&gt;; Binghamton Republican Assn., &lt;1876&gt;.</subfield></datafield><datafield ind1=" " ind2=" " tag="500"><subfield code="a">Editors: William Stuart, 1849-1866; James Malette, 1868-1874; Frederick W. Mather, 1874-1877.</subfield></datafield><datafield ind1=" " ind2=" " tag="500"><subfield code="a">Republican.</subfield></datafield><datafield ind1=" " ind2=" " tag="580"><subfield code="a">Weekly eds.: Broome Republican (Binghamton, N.Y. : 1822), 1849-1862; Broome weekly Republican, 1862-1868; Broome Republican (Binghamton, N.Y. : 1868), 1868-1869; Republican and standard (Binghamton, N.Y.), 1869-1870; Broome Republican (Binghamton, N.Y. : 1870), 1870-1878.</subfield></datafield><datafield ind1=" " ind2="0" tag="651"><subfield code="a">Binghamton (N.Y.)</subfield><subfield code="v">Newspapers.</subfield></datafield><datafield ind1=" " ind2="7" tag="655"><subfield code="a">Newspapers.</subfield><subfield code="2">fast</subfield><subfield code="0">(OCoLC)fst01423814</subfield></datafield><datafield ind1=" " ind2="7" tag="651"><subfield code="a">New York (State)</subfield><subfield code="z">Binghamton.</subfield><subfield code="2">fast</subfield><subfield code="0">(OCoLC)fst01206763</subfield></datafield><datafield ind1="1" ind2=" " tag="700"><subfield code="a">Stuart, William.</subfield></datafield><datafield ind1="1" ind2=" " tag="700"><subfield code="a">Malette, James.</subfield></datafield><datafield ind1="1" ind2=" " tag="700"><subfield code="a">Mather, Frederick W.</subfield></datafield><datafield ind1=" " ind2=" " tag="752"><subfield code="a">United States</subfield><subfield code="b">New York</subfield><subfield code="c">Broome</subfield><subfield code="d">Binghamton.</subfield></datafield><datafield ind1="0" ind2=" " tag="775"><subfield code="t">Binghamton standard and semi-weekly Republican</subfield><subfield code="w">(DLC)sn 83031042</subfield></datafield><datafield ind1="1" ind2=" " tag="775"><subfield code="t">Broome Republican (Binghamton, N.Y. : 1822)</subfield><subfield code="w">(DLC)sn 83031041</subfield></datafield><datafield ind1="1" ind2=" " tag="775"><subfield code="t">Broome weekly Republican</subfield><subfield code="w">(DLC)sn 83031096</subfield></datafield><datafield ind1="1" ind2=" " tag="775"><subfield code="t">Broome Republican (Binghamton, N.Y. : 1868)</subfield><subfield code="w">(DLC)sn 90066568</subfield></datafield><datafield ind1="1" ind2=" " tag="775"><subfield code="t">Republican and standard (Binghamton, N.Y.)</subfield><subfield code="w">(DLC)sn 83031040</subfield></datafield><datafield ind1="1" ind2=" " tag="775"><subfield code="t">Broome Republican (Binghamton, N.Y. : 1870)</subfield><subfield code="w">(DLC)sn 85026225</subfield></datafield><datafield ind1="0" ind2="0" tag="780"><subfield code="t">Daily iris</subfield><subfield code="w">(DLC)sn 90066567</subfield><subfield code="w">(OCoLC)22693097</subfield></datafield><datafield ind1="0" ind2="7" tag="785"><subfield code="t">Binghamton daily times (Binghamton, N.Y. : 1872)</subfield><subfield code="w">(DLC)sn 83031037</subfield></datafield><datafield ind1="0" ind2="7" tag="785"><subfield code="t">Binghamton Republican and morning times</subfield><subfield code="w">(DLC)sn 90066569</subfield><subfield code="w">(OCoLC)22712542</subfield></datafield></record>